<?xml version="1.0" encoding="UTF-8"?><collection xmlns="http://www.loc.gov/MARC21/slim"><record><leader>00398nam--2200157-i-4500</leader><controlfield tag="001">000048631</controlfield><controlfield tag="002">20161230</controlfield><controlfield tag="005">20161230201047</controlfield><controlfield tag="008">060222s1000------------r-----000-0-eng-d</controlfield><datafield ind1=" " ind2=" " tag="040"><subfield code="a">IFIN-HH</subfield></datafield><datafield ind1=" " ind2=" " tag="080"><subfield code="a">539.37</subfield></datafield><datafield ind1=" " ind2=" " tag="245"><subfield code="a">Plastichnost metallov i splavov s osobymi svoismvami</subfield></datafield><datafield ind1=" " ind2=" " tag="260"><subfield code="a">Moskva, Izd.Nauka, 1982. 176 S</subfield></datafield><datafield ind1=" " ind2=" " tag="700"><subfield code="a">Ageev,N.V</subfield></datafield><datafield ind1=" " ind2=" " tag="852"><subfield code="a">70877</subfield></datafield><datafield ind1=" " ind2=" " tag="CAT"><subfield code="a">Sys</subfield><subfield code="c">20100922</subfield><subfield code="h">084652</subfield></datafield></record></collection>